@article{bitcoin,
  author = "Satoshi Nakamoto",
  title = "Bitcoin: A Peer-to-Peer Electronic Cash System",
  year = "2008"
}

@online{bitcoin_energy,
  author = "Timothy B. Lee",
  title = "Bitcoin’s insane energy consumption, explained",
  year = "2017",
  url = "https://arstechnica.com/tech-policy/2017/12/bitcoins-insane-energy-consumption-explained/",
  urldate = "2020"
}

@online{51attack,
  author = "Tom Dickman",
  title = "PoW 51\% Attack Cost",
  url = "https://www.crypto51.app/",
  urldate = "2020"
}

@article{peercoin,
  author = "Sunny King and Scott Nadal",
  title = "PPCoin: Peer-to-Peer Crypto-Currency with Proof-of-Stake",
  year = "2012"
}

@article{cryptocurr_without_pow,
  author = "Iddo Bentov and Ariel Gabizon and Alex Mizrahi",
  title = "Cryptocurrencies Without Proof of Work",
  year = "2016"
}

@online{pos_flaws_nothing,
  author = "Abhishek Sharma",
  title = "Understanding Proof of Stake through it’s Flaws. Part 2 — ‘Nothing’s at Stake’",
  year = "2018",
  url = "https://medium.com/@abhisharm/understanding-proof-of-stake-through-its-flaws-part-2-nothing-s-at-stake-8d12d826956c",
  urldate = "2020"
}

@online{pos_flaws_long,
  author = "Abhishek Sharma",
  title = "Understanding Proof of Stake through it’s Flaws. Part 3 — ‘Long Range Attacks’",
  year = "2018",
  url = "https://medium.com/@abhisharm/understanding-proof-of-stake-through-its-flaws-part-3-long-range-attacks-672a3d413501",
  urldate = "2020"
}

@article{casper,
  author = "Vitalik Buterin and Virgil Griffith",
  title = "Casper the Friendly Finality Gadget",
  year = "2017"
}

@article{ouroboros,
  author = "Aggelos Kiayias and Alexander Russell and Bernardo David and Roman Oliynykov",
  title = "Ouroboros: A Provably Secure Proof-of-Stake Blockchain Protocol",
  year = "2019"
}

@article{bcng,
  author = "Ittay Eyal and Adem Efe Gencer and Emin Guen Sirer and Robbert van Renesse",
  title = "Bitcoin-NG: A Scalable Blockchain Protocol",
  year = "2016"
}

@online{nxt,
  author = "{Nxt community}",
  title = "Nxt Whitepaper",
  year = "2016",
  url = "https://nxtdocs.jelurida.com/Nxt_Whitepaper",
  urldate = "2020"
}

@online{hyperchains,
  author = "Yanislav Georgiev Malahov",
  title = "Hyperchains — secure, cheap \& scalable blockchain technology for everyone",
  year = "2016",
  url = "https://medium.com/@yanislav/hyperchains-secure-cheap-scalable-blockchain-technology-for-everyone-3ddec96a4152",
  urldate = "2020"
}

@article{blockchain_random,
  author = "Joseph Bonneau and Jeremy Clark and Steven Goldfeder",
  title = "On Bitcoin as a public randomness source"
}

@article{incentive_bcng,
  author = "Jianyu Niu and Ziyu Wang and Fangyu Gai and Chen Feng",
  title = "Incentive Analysis of Bitcoin-NG, Revisited"
}

@article{pos_attacks,
  author = "EVANGELOS DEIRMENTZOGLOU and GEORGIOS PAPAKYRIAKOPOULOS and CONSTANTINOS PATSAKIS",
  title = "A Survey on Long-Range Attacks forProof of Stake Protocols",
  year = "2019"
}